<?xml version="1.0" encoding="UTF-8"?><collection xmlns="http://www.loc.gov/MARC21/slim"><record><leader>00388nam--2200145-i-4500</leader><controlfield tag="001">000004974</controlfield><controlfield tag="002">20161230</controlfield><controlfield tag="005">20170302174527</controlfield><controlfield tag="008">060222s1000------------r-----000-0-eng-d</controlfield><datafield ind1=" " ind2=" " tag="100"><subfield code="a">Broda, Engelbert</subfield></datafield><datafield ind1=" " ind2=" " tag="245"><subfield code="a">Die technischen anwendungen der radioaktivitat</subfield></datafield><datafield ind1=" " ind2=" " tag="260"><subfield code="a">Berlin</subfield><subfield code="b">Veb Verlag, Technik</subfield><subfield code="c">1956</subfield></datafield><datafield ind1=" " ind2=" " tag="300"><subfield code="a">X + 312 p</subfield></datafield><datafield ind1=" " ind2=" " tag="700"><subfield code="a">Schonfeld, T</subfield></datafield><datafield ind1=" " ind2=" " tag="CAT"><subfield code="a">SYS</subfield><subfield code="c">20170302</subfield><subfield code="h">174527</subfield></datafield></record></collection>